@inproceedings{pub1,
  title = {E-lab’s elastic collision distributed remote laboratory},
  author = {Balula, S and Marques, R and Loureiro, J and Fortunato, J and Pereira, T and Fernandes, H},
  booktitle = {Proceedings of International Conference on Remote Engineering and Virtual Instrumentation (REV2014)},
  year = {2014}
}
@inproceedings{pub2,
  title = { Remote real laboratories in massive open on-line laboratories (mools): A live demonstration at experimenta@2015},
  author = {Fernandes, H and Balula, S and Marques, R and Henriques, R and Pereira, T},
  booktitle = {2015 3rd Experiment International Conference (exp.at’15)},
  year = {2015}
}